
@article{dasu2012statistical,
  title={Statistical distortion: Consequences of data cleaning},
  author={Dasu, Tamraparni and Loh, Ji Meng},
  journal={Proceedings of the VLDB Endowment},
  volume={5},
  number={11},
  pages={1674--1683},
  year={2012},
  publisher={VLDB Endowment}
}

@conference{loo2014towards,
    author      = {M. van der {L}oo and J. Pannekoek},
    title       = {Towards generic evaluation of data validation functions},
    booktitle   = {United {N}ations {E}comonic {Committee} for {E}urope work session
                   on statistical data editing (Paris)},
    year        = {2014},
    month       = {September}
}

@article{rao1996variance,
  title={On variance estimation with imputed survey data},
  author={Rao, JNK},
  journal={Journal of the American Statistical Association},
  volume={91},
  number={434},
  pages={499--506},
  year={1996},
  publisher={Taylor \& Francis}
}

@article{rao1992jackknife,
  title={Jackknife variance estimation with survey data under hot deck imputation},
  author={Rao, Jon NK and Shao, Jun},
  journal={Biometrika},
  volume={79},
  number={4},
  pages={811--822},
  year={1992},
  publisher={Biometrika Trust}
}

@book{rubin1987multiple,
  title={Multiple imputation for nonresponse in surveys},
  author={Rubin, Donald B},
  year={1987},
  publisher={John Wiley \& Sons}
}

@article{rubin1996multiple,
  title={Multiple imputation after 18+ years},
  author={Rubin, Donald B},
  journal={Journal of the American statistical Association},
  volume={91},
  number={434},
  pages={473--489},
  year={1996},
  publisher={Taylor \& Francis}
}


@article{shao1996bootstrap,
  title={Bootstrap for imputed survey data},
  author={Shao, Jun and Sitter, Randy R},
  journal={Journal of the American Statistical Association},
  volume={91},
  number={435},
  pages={1278--1288},
  year={1996},
  publisher={Taylor \& Francis}
}

@article{shao2002sample,
  title={Sample correlation coefficients based on survey data under regression imputation},
  author={Shao, Jun and Wang, Hansheng},
  journal={Journal of the American Statistical Association},
  volume={97},
  number={458},
  pages={544--552},
  year={2002},
  publisher={Taylor \& Francis}
}

@article{shao2008confidence,
  title={Confidence intervals based on survey data with nearest neighbor imputation},
  author={Shao, Jun and Wang, Hansheng},
  journal={Statistica Sinica},
  pages={281--297},
  year={2008},
  publisher={JSTOR}
}



@inproceedings{whitridge2006impact,
  title={The impact of Editing on Data Quality},
  author={Whitridge, Patricia and Bernier, Julie},
  booktitle={{W}ork session on statistical data editing},
  organization = {{UNECE}},
  year={2006}
}


